@article{parker_interplanetarygas_1958,
	author = {Parker, E. N.},
	date = {1958},
	title = {Astrophysical Journal},
	journaltitle = {The American Historical Review},
	volume = {128},	
	pages = {664},
	doi = {10.1086/146579}
}

@article{Durham_2006,
	author = {Durham, I. T.},
	date = {2006},
	title = {Rethinking the History of Solar Wind Studies: Eddington's Analysis of Comet Morehouse},
	journaltitle = {Notes and Records of the Royal Society},
	volume = {60},	
	pages = {261–-270},
	doi = {10.1098/rsnr.2006.0149}
}

@book{harvey_2007,
	author = {Harvey, B.},
	date = {2007},
	title = {Russian planetary exploration: history, development, legacy, prospects},
	publisher = {Springer},
	isbn = {0-387-46343-7}
}


@article{braginsky_nearly_1976,
	author = {Braginsky, S. I.},
	date = {1976},
	title = {On the nearly axially-symmetrical model of the hydromagnetic dynamo of the earth},
	journaltitle = {Physics of the Earth and Planetary Interiors},
	volume = {11},	
	number = {3},
	pages = {191--199},
	doi = {10.1016/0031-9201(76)90063-7}
}

@book{kelley_earths_2009,
	author = {Kelley, M. C.},
	date = {2009},
	title = {The Earth's Ionosphere: Plasma Physics and Electrodynamics},
	publisher = {Academic Press},
	isbn = {978-0-08-091657-6}
}

@misc{dipolo,
	title = {Diagram of Earth's magnetic field lines including magnet},
	url = {https://commons.wikimedia.org/wiki/File:Earth%27s_magnetic_field_pole.svg},
	author = {{Stein, T.}},
	date = {2010},
	note = {[Figura]}
}

@article{erdelyi_heating_2007,
	author 	 	 = {Erdélyi, R. and Ballai, I.},
	date 		 = {2007},
	title 		 = {Heating of the solar and stellar coronae: a review},
	journaltitle = {Astron. Nachr.},
	volume 		 = {328},
	number       = {8},
	pages 		 = {726--733},
	doi			 = {10.1002/asna.200710803}
}

@book{encrenaz_solar_2004,
    author		= {Encrenaz, T. and Bibring, J.-P. and Blanc, M. and Barucci, M.-A. and Roques, F. and Zarka, P.},
    title		= {The Solar System},
    publisher	= {Springer},
    year		= {2004},
	isbn		= {978-3-662-10403-3}
}

@article{plaschke_jets_2018,
	author 		= {Plaschke, F. and Hietala, H. and Archer, M. and Blanco-Cano, X. and Kajdič, P. and Karlsson, T. and Lee, S. H. and Omidi, N. and Palmroth, M. and Roytershteyn, V. and Schmid, D. and Sergeev, V. and Sibeck, D.}, 	
	date = {2018},
	journaltitle = {Space Science Reviews},
	title 		= {Jets Downstream of Collisionless Shocks},
	volume 		= {214},
	number = {5},
	doi = {10.1007/s11214-018-0516-3}
}

@article{tu_1997,
	author 		 = {Tu, C.-Y. and Marsch, E.}, 	
	date 		 = {1997},
	journaltitle = {Solar Physics},
	title 		 = {Two-fluid model for heating of the solar corona and acceleration of the solar wind by high-frequency Alfvén waves},
	volume 		 = {171},
	number 		 = {2},
	pages 		 = {363--391},
	doi 		 = {10.1023/A:1004968327196}
}

@article{geiss_1995,
	author 		 = {Geiss, J. and Gloeckler, G. and Von Steiger, R.}, 	
	date 		 = {1995},
	journaltitle = {Space Science Reviews},
	title 		 = {Origin of the solar wind from composition data},
	volume 		 = {72},
	number 		 = {1--2},
	pages 		 = {49--60},
	doi 		 = {10.1007/BF00768753}
}

@article{alfven_1942,
	author 		 = {Alfvén, H.}, 	
	date 		 = {1942},
	journaltitle = {Nature},
	title 		 = {Existence of electromagnetic-hydrodynamic waves},
	volume 		 = {150},
	pages 		 = {405--406},
	doi 		 = {10.1038/150405d0}
}

@article{blanco-cano_2010,
	author 		 = {Blanco-Cano, X.}, 	
	date 		 = {2010},
	journaltitle = {AIP Conference Proceedings },
	title 		 = {Bow Shocks In The Solar Wind: Lessons Towards Understanding Interplanetary Shocks},
	volume 		 = {1216},
	number 		 = {459},
	pages 		 = {405--406},
	doi 		 = {10.1063/1.3395903}
}

@article{nemecek_1998,
  author  = {Němeček, Z. and Šafránková, J. and Přech, L. and Sibeck, D. G. and Mukai, T.}, 
  title   = {Transient flux enhancements in the magnetosheath},
  journal = {Geophysical Research Letters},
  year    = 1998,
  number  = 25,
  volume  = 8,
  pages   = {1273–-1276},
  doi     = {10.1029/98GL50873}
}

@article{plaschke_2016,
  author  = {Plaschke, F. and Hietala, H. and Angelopoulos, V. and Nakamura, R.}, 
  title   = {Geoeffective jets impacting the magnetopause are very common},
  journal = {Journal of Geophysical Research},
  year    = 2016,
  number  = 121,
  volume  = 4,
  pages   = {3240–-3253},
  doi     = {10.1002/2016JA022534}
}

@article{hietala_2009,
  author  = {Hietala, H. and Laitinen, T.V. and Andréeová, K. and Vainio, R. and Vaivads, A. and Palmroth, M. and Pulkkinen, T.I. and Koskinen, H.E.J.  and Lucek, E.A. and Rème, H.},
  title   = {Supermagnetosonic Jets behind a Collisionless Quasiparallel Shock},
  journal = {Physical Review Letters},
  year    = 2009,
  number  = 103,
  volume  = 24,
  pages   = {245001},
  doi     = {10.1103/PhysRevLett.103.245001}
}

@article{hietala_2012,
  author  = {Hietala, H. and Partamies, N. and Laitinen, T.V. and Clausen, L.B.N. and Facskó, G. and Vaivads, A. and Koskinen, H.E.J. and Dandouras, I. and Rème, H. and Lucek, E.A.}, 
  title   = {Supermagnetosonic subsolar magnetosheath jets and their effects: from the solar wind to the ionospheric convection},
  journal = {Annales Geophysicae},
  year    = 2012,
  number  = 30,
  volume  = 1,
  pages   = {33--48},
  doi     = {10.5194/angeo-30-33-2012}
}

@article{karlsson_2012,
  author = {Karlsson, T. and Brenning, N. and Nilsson, H. and Trotignon, J.-G. and Vallières, X. and Facsko, G.},
  title  = {Localized density enhancements in the magnetosheath: Three-dimensional morphology and possible importance for impulsive penetration},
  journal = {Journal of Geophysical Research: Space Physics},
  year    = 2012,
  number  = 117,
  volume  = {A3},
  pages   = {245001},
  doi     = {10.1029/2011JA017059}
}

@article{karlsson_2015,
  author = {Karlsson, T. and Kullen, A. and Liljeblad, E. and Brenning, N. and Nilsson, H.  and Gunell, H. and Hamrin, M.},
  title  = {On the origin of magnetosheath plasmoids and their relation to magnetosheath jets},
  journal = {Journal of Geophysical Research},
  year    = 2015,
  number  = 120,
  volume  = {9},
  pages   = {7390-7403},
  doi     = {10.1002/2015JA021487}
}


@book{meyer-vernet_2007,
    author		= {Meyer-Vernet, N.},
    title		= {Basics of the solar wind},
    publisher	= {Cambridge University Press},
    year		= {2007},
	isbn		= {978-0-521-81420-1}
}

@incollection{russell_2001,
  author      = {Russell, C. T.},
  year        = 2001,
  title       = {Solar Wind and Interplanetary Magnetic Field: A Tutorial},
  editor      = {Song, P. and Singer, H. J. and Siscoe, G. L.},
  booktitle   = {Space Weather},
  volume 	  = {125},
  publisher   = {American Geophysical Union},
  doi     	  = {10.1029/GM125p0073},
  pages       = {73--89}
}

@incollection{gombosi_2009,
  author      = {Gombosi, T. I. and Armstrong, T. P. and Arridge, C. S. and Khurana, K. K. and Krimigis, S. M. and Krupp, N. and Persoon, A. M. and Thomsen, M. F.},
  year        = 2009,
  title       = {Saturn’s magnetospheric configuration},
  editor      = {Dougherty, M. K. and Esposito, L. W. and Krimigis, S. M.},
  booktitle   = {Saturn from Cassini-Huygens},
  publisher   = {Springer},
  doi     	  = {10.1007/978-1-4020-9217-6},
  pages       = {203--255},
  chapter     = 9,
}

@misc{magnetosfera,
	title = {Magnetosphere Levels},
	url = {https://commons.wikimedia.org/wiki/File:Magnetosphere_Levels.svg},
	author = {{Gallagher, D.}},
	date = {2010},
	note = {[Figura]}
}

@misc{cuasicuasi,
  author       = {Oliveira, D. M.}, 
  title        = {Representation of the solar wind interaction with the Earth's bow shock},
  titleaddon   = {ResearchGate},
  year         = 2015,
  note         = {[Figura]},
  url		   = {https://www.researchgate.net/figure/5-Representation-of-the-solar-wind-interaction-with-the-Earths-bow-shock-Kennel-et_fig25_311766669}
}

@online{russell_2010,
  author     = {Russell, R.},
  title      = {The Sun's Magnetic Field },
  titleaddon = {Windows to Universe},
  year       = 2010,
  url        = {https://www.windows2universe.org/sun/sun_magnetic_field.html}
}

@online{reyes_2003,
  author     = {Reyes, R.},
  title      = {Bow Shock},
  titleaddon = {IMAGE at Southwest Research Institute},
  year       = 2003,
  url        = {http://pluto.space.swri.edu/image/glossary/bow_shock.html}
}

@article{einstein,
    author =       "Albert Einstein",
    title =        "{Zur Elektrodynamik bewegter K{\"o}rper}. ({German})
    [{On} the electrodynamics of moving bodies]",
    journal =      "Annalen der Physik",
    volume =       "322",
    number =       "10",
    pages =        "891--921",
    year =         "1905",
    DOI =          "http://dx.doi.org/10.1002/andp.19053221004",
    keywords =     "physics"
}